<?xml version="1.0" encoding="UTF-8"?><collection xmlns="http://www.loc.gov/MARC21/slim"><record><leader>00565nam--2200169-i-4500</leader><controlfield tag="001">000019350</controlfield><controlfield tag="002">20161230</controlfield><controlfield tag="005">20161230201033</controlfield><controlfield tag="008">060222s1000------------r-----000-0-eng-d</controlfield><datafield ind1=" " ind2=" " tag="040"><subfield code="a">IFIN-HH</subfield></datafield><datafield ind1=" " ind2=" " tag="080"><subfield code="a">061.3:539.14:539.172.4</subfield></datafield><datafield ind1="1" ind2=" " tag="110"><subfield code="a">Central Research Institute For Physics</subfield></datafield><datafield ind1="1" ind2="0" tag="245"><subfield code="a">Conference on nuclear structure study with neutrons contributions</subfield><subfield code="b">July 31-august 5, 1972, budapest, contributions</subfield></datafield><datafield ind1=" " ind2=" " tag="260"><subfield code="a">Budapest</subfield><subfield code="b">Central Research Institute For Physics</subfield><subfield code="c">1972</subfield></datafield><datafield ind1=" " ind2=" " tag="300"><subfield code="a">XVI + 271 P</subfield></datafield><datafield ind1=" " ind2=" " tag="852"><subfield code="a">37153</subfield><subfield code="c">539.14</subfield></datafield><datafield ind1=" " ind2=" " tag="CAT"><subfield code="a">Sys</subfield><subfield code="c">20120328</subfield><subfield code="h">141815</subfield></datafield></record></collection>